@inproceedings{test-ref,
    title = {{An Examplary Paper For The References}},
    author = {First Author AND Second Author AND Third Author},
    booktitle = {International Conference on Silly Walks},
    year = 2018,
}

TODO: Add paint.NET reference
 @misc{paintNET, title={Paint.net - free software for digital photo editing}, url={https://www.getpaint.net/}, author={Brewster, Rick}} 
 
 @misc{backlog, title= {Talio backlog}, publisher={TU Delft}, year = 2023} 

 @article{nielsen1994heuristic,
  title={Heuristic evaluation},
  author={Nielsen, Jakob},
  journal={Usability Inspection Mehods},
  year={1994},
  publisher={John Wiley\&Sons}
}
@misc{video-slides, 
title ={Heuristic Usability Evaluation - Video slides},
year={2023},
publisher={TU Delft}}
@article{woolrych2003changing,
  title={Changing Analysts' Tunes: The Surprising Impact of a New Instrument for Usability Inspection Method Assessment},
  author={Woolrych, Alan and Cockton, Gilbert and Hall, Lynne and Hindmarch, Mark},
  year={2003}
}
